@Manual{R-base,
  title = {R: A Language and Environment for Statistical Computing},
  author = {{R Core Team}},
  organization = {R Foundation for Statistical Computing},
  address = {Vienna, Austria},
  year = {2024},
  url = {https://www.R-project.org/},
}

@Manual{R-Biobase,
  title = {Biobase: Base functions for Bioconductor},
  author = {R. Gentleman and V. Carey and M. Morgan and S. Falcon},
  year = {2024},
  note = {R package version 2.64.0},
  url = {https://bioconductor.org/packages/Biobase},
  doi = {10.18129/B9.bioc.Biobase},
}

@Manual{R-BiocGenerics,
  title = {BiocGenerics: S4 generic functions used in Bioconductor},
  author = {The Bioconductor Dev Team},
  year = {2024},
  note = {R package version 0.50.0},
  url = {https://bioconductor.org/packages/BiocGenerics},
  doi = {10.18129/B9.bioc.BiocGenerics},
}

@Manual{R-BiocParallel,
  title = {BiocParallel: Bioconductor facilities for parallel evaluation},
  author = {Martin Morgan and Jiefei Wang and Valerie Obenchain and Michel Lang and Ryan Thompson and Nitesh Turaga},
  year = {2024},
  note = {R package version 1.38.0},
  url = {https://bioconductor.org/packages/BiocParallel},
  doi = {10.18129/B9.bioc.BiocParallel},
}

@Manual{R-bookdown,
  title = {bookdown: Authoring Books and Technical Documents with R Markdown},
  author = {Yihui Xie},
  year = {2024},
  note = {R package version 0.41},
  url = {https://github.com/rstudio/bookdown},
}

@Manual{R-ComplexHeatmap,
  title = {ComplexHeatmap: Make Complex Heatmaps},
  author = {Zuguang Gu},
  year = {2024},
  note = {R package version 2.20.0},
  url = {https://bioconductor.org/packages/ComplexHeatmap},
  doi = {10.18129/B9.bioc.ComplexHeatmap},
}

@Manual{R-dplyr,
  title = {dplyr: A Grammar of Data Manipulation},
  author = {Hadley Wickham and Romain François and Lionel Henry and Kirill Müller and Davis Vaughan},
  year = {2023},
  note = {R package version 1.1.4},
  url = {https://dplyr.tidyverse.org},
}

@Manual{R-ggfortify,
  title = {ggfortify: Data Visualization Tools for Statistical Analysis Results},
  author = {Masaaki Horikoshi and Yuan Tang},
  year = {2024},
  note = {R package version 0.4.17},
  url = {https://github.com/sinhrks/ggfortify},
}

@Manual{R-ggplot2,
  title = {ggplot2: Create Elegant Data Visualisations Using the Grammar of Graphics},
  author = {Hadley Wickham and Winston Chang and Lionel Henry and Thomas Lin Pedersen and Kohske Takahashi and Claus Wilke and Kara Woo and Hiroaki Yutani and Dewey Dunnington and Teun {van den Brand}},
  year = {2024},
  note = {R package version 3.5.1},
  url = {https://ggplot2.tidyverse.org},
}

@Manual{R-knitr,
  title = {knitr: A General-Purpose Package for Dynamic Report Generation in R},
  author = {Yihui Xie},
  year = {2024},
  note = {R package version 1.49},
  url = {https://yihui.org/knitr/},
}

@Manual{R-lattice,
  title = {lattice: Trellis Graphics for R},
  author = {Deepayan Sarkar},
  year = {2024},
  note = {R package version 0.22-6},
  url = {https://lattice.r-forge.r-project.org/},
}

@Manual{R-magrittr,
  title = {magrittr: A Forward-Pipe Operator for R},
  author = {Stefan Milton Bache and Hadley Wickham},
  year = {2022},
  note = {R package version 2.0.3},
  url = {https://magrittr.tidyverse.org},
}

@Manual{R-MASS,
  title = {MASS: Support Functions and Datasets for Venables and Ripley's MASS},
  author = {Brian Ripley and Bill Venables},
  year = {2024},
  note = {R package version 7.3-61},
  url = {http://www.stats.ox.ac.uk/pub/MASS4/},
}

@Manual{R-masscleaner,
  title = {masscleaner: Data cleaning for LC-MS based metabolomics data},
  author = {Xiaotao Shen},
  year = {2023},
  note = {R package version 1.0.12},
  url = {https://github.com/tidymass/masscleaner},
}

@Manual{R-massdataset,
  title = {massdataset: massdataset},
  author = {Xiaotao Shen},
  year = {2024},
  note = {R package version 1.0.34},
  url = {https://github.com/tidymass/massdataset},
}

@Manual{R-massprocesser,
  title = {massprocesser: Comprehensitive tools for raw metabolomics data processing},
  author = {Xiaotao Shen},
  year = {2023},
  note = {R package version 1.0.10},
  url = {https://github.com/tidymass/massprocesser},
}

@Manual{R-massqc,
  title = {massqc: Quality assessment of LC-MS based metabolomics data},
  author = {Xiaotao Shen},
  year = {2023},
  note = {R package version 1.0.6},
  url = {https://github.com/tidymass/massqc},
}

@Manual{R-massstat,
  title = {massstat: Statistical analysis for LC-MS-based metabolomics data},
  author = {Xiaotao Shen},
  year = {2023},
  note = {R package version 1.0.5},
  url = {https://github.com/tidymass/massstat},
}

@Manual{R-masstools,
  title = {masstools: A Collection of Useful Tools for Mass Spectrometry Data
Processing and Analysis},
  author = {Xiaotao Shen and Chuchu Wang},
  year = {2023},
  note = {R package version 1.0.13},
  url = {https://masstools.tidymass.org/},
}

@Manual{R-metid,
  title = {metid: Metabolite identification based on MS1 and MS2 spectra},
  author = {Xiaotao Shen},
  year = {2024},
  note = {R package version 1.2.35},
  url = {https://github.com/tidymass/metid},
}

@Manual{R-metpath,
  title = {metpath: Pathway analysis for metabolomics data},
  author = {Xiaotao Shen and Chuchu Wang},
  year = {2023},
  note = {R package version 1.0.8},
  url = {https://github.com/tidymass/metpath},
}

@Manual{R-mixOmics,
  title = {mixOmics: Omics Data Integration Project},
  author = {Kim-Anh {Le Cao} and Florian Rohart and Ignacio Gonzalez and Sebastien Dejean},
  year = {2024},
  note = {R package version 6.28.0},
  url = {https://bioconductor.org/packages/mixOmics},
  doi = {10.18129/B9.bioc.mixOmics},
}

@Manual{R-MSnbase,
  title = {MSnbase: Base Functions and Classes for Mass Spectrometry and Proteomics},
  author = {Laurent Gatto and Johannes Rainer and Sebastian Gibb},
  year = {2024},
  note = {R package version 2.30.1},
  url = {https://bioconductor.org/packages/MSnbase},
  doi = {10.18129/B9.bioc.MSnbase},
}

@Manual{R-mzR,
  title = {mzR: parser for netCDF, mzXML and mzML and mzIdentML files (mass
spectrometry data)},
  author = {Steffen Neumann and Laurent Gatto and Qiakng Kou},
  year = {2024},
  note = {R package version 2.38.0},
  url = {https://bioconductor.org/packages/mzR},
  doi = {10.18129/B9.bioc.mzR},
}

@Manual{R-ProtGenerics,
  title = {ProtGenerics: Generic infrastructure for Bioconductor mass spectrometry
packages},
  author = {Laurent Gatto and Johannes Rainer},
  year = {2024},
  note = {R package version 1.36.0},
  url = {https://bioconductor.org/packages/ProtGenerics},
  doi = {10.18129/B9.bioc.ProtGenerics},
}

@Manual{R-r4projects,
  title = {r4projects: R for bioinformatics project organization},
  author = {{c} and email = "shenxt1990@outlook.com" and comment = c) )},
  year = {2024},
  note = {R package version 0.1.6},
  url = {https://masstools.tidymass.org/},
}

@Manual{R-Rcpp,
  title = {Rcpp: Seamless R and C++ Integration},
  author = {Dirk Eddelbuettel and Romain Francois and JJ Allaire and Kevin Ushey and Qiang Kou and Nathan Russell and Iñaki Ucar and Doug Bates and John Chambers},
  year = {2024},
  note = {R package version 1.0.13-1},
  url = {https://www.rcpp.org},
}

@Manual{R-rmarkdown,
  title = {rmarkdown: Dynamic Documents for R},
  author = {JJ Allaire and Yihui Xie and Christophe Dervieux and Jonathan McPherson and Javier Luraschi and Kevin Ushey and Aron Atkins and Hadley Wickham and Joe Cheng and Winston Chang and Richard Iannone},
  year = {2024},
  note = {R package version 2.29},
  url = {https://github.com/rstudio/rmarkdown},
}

@Manual{R-S4Vectors,
  title = {S4Vectors: Foundation of vector-like and list-like containers in
Bioconductor},
  author = {Hervé Pagès and Michael Lawrence and Patrick Aboyoun},
  year = {2024},
  note = {R package version 0.42.1},
  url = {https://bioconductor.org/packages/S4Vectors},
  doi = {10.18129/B9.bioc.S4Vectors},
}

@Manual{R-shiny,
  title = {shiny: Web Application Framework for R},
  author = {Winston Chang and Joe Cheng and JJ Allaire and Carson Sievert and Barret Schloerke and Yihui Xie and Jeff Allen and Jonathan McPherson and Alan Dipert and Barbara Borges},
  year = {2024},
  note = {R package version 1.9.1},
  url = {https://shiny.posit.co/},
}

@Manual{R-tidymass,
  title = {tidymass: R packages for mass spectrometry data processing and analysis},
  author = {Xiaotao Shen},
  year = {2022},
  note = {R package version 1.0.8},
}

@Manual{R-tidymassshiny,
  title = {tidymassshiny: An Amazing Shiny App},
  author = {Xiao Wang and Xiaotao Shen},
  year = {2024},
  note = {R package version 0.0.0.92},
  url = {https://github.com/tidymass/tidymass_shiny},
}

@Manual{R-tidyr,
  title = {tidyr: Tidy Messy Data},
  author = {Hadley Wickham and Davis Vaughan and Maximilian Girlich},
  year = {2024},
  note = {R package version 1.3.1},
  url = {https://tidyr.tidyverse.org},
}

@Manual{R-xcms,
  title = {xcms: LC-MS and GC-MS Data Analysis},
  author = {Colin A. Smith and Ralf Tautenhahn and Steffen Neumann and Paul Benton and Christopher Conley and Johannes Rainer and William Kumler and Philippine Louail},
  year = {2024},
  note = {R package version 4.2.3},
  url = {https://bioconductor.org/packages/xcms},
  doi = {10.18129/B9.bioc.xcms},
}

@Article{Biobase2015,
  author = {W. Huber and V. J. Carey and R. Gentleman and S. Anders and M. Carlson and B. S. Carvalho and H. C. Bravo and S. Davis and L. Gatto and T. Girke and R. Gottardo and F. Hahne and K. D. Hansen and R. A. Irizarry and M. Lawrence and M. I. Love and J. MacDonald and V. Obenchain and A. K. {Ole's} and H. {Pag`es} and A. Reyes and P. Shannon and G. K. Smyth and D. Tenenbaum and L. Waldron and M. Morgan},
  title = {{O}rchestrating high-throughput genomic analysis with {B}ioconductor},
  journal = {Nature Methods},
  year = {2015},
  volume = {12},
  number = {2},
  pages = {115--121},
  url = {http://www.nature.com/nmeth/journal/v12/n2/full/nmeth.3252.html},
}

@Article{BiocGenerics2015,
  author = {{Huber} and {W.} and {Carey} and V. J. and {Gentleman} and {R.} and {Anders} and {S.} and {Carlson} and {M.} and {Carvalho} and B. S. and {Bravo} and H. C. and {Davis} and {S.} and {Gatto} and {L.} and {Girke} and {T.} and {Gottardo} and {R.} and {Hahne} and {F.} and {Hansen} and K. D. and {Irizarry} and R. A. and {Lawrence} and {M.} and {Love} and M. I. and {MacDonald} and {J.} and {Obenchain} and {V.} and {{Ole's}} and A. K. and {{Pag`es}} and {H.} and {Reyes} and {A.} and {Shannon} and {P.} and {Smyth} and G. K. and {Tenenbaum} and {D.} and {Waldron} and {L.} and {Morgan} and {M.}},
  title = {{O}rchestrating high-throughput genomic analysis with {B}ioconductor},
  journal = {Nature Methods},
  year = {2015},
  volume = {12},
  number = {2},
  pages = {115--121},
  url = {http://www.nature.com/nmeth/journal/v12/n2/full/nmeth.3252.html},
}

@Book{bookdown2016,
  title = {bookdown: Authoring Books and Technical Documents with {R} Markdown},
  author = {Yihui Xie},
  publisher = {Chapman and Hall/CRC},
  address = {Boca Raton, Florida},
  year = {2016},
  isbn = {978-1138700109},
  url = {https://bookdown.org/yihui/bookdown},
}

@Article{ComplexHeatmap2016,
  title = {Complex heatmaps reveal patterns and correlations in multidimensional genomic data},
  author = {Zuguang Gu and Roland Eils and Matthias Schlesner},
  journal = {Bioinformatics},
  doi = {10.1093/bioinformatics/btw313},
  year = {2016},
}

@Article{ComplexHeatmap2022,
  title = {Complex Heatmap Visualization},
  author = {Zuguang Gu},
  doi = {10.1002/imt2.43},
  journal = {iMeta},
  year = {2022},
}

@Article{ggfortify2016,
  author = {Yuan Tang and Masaaki Horikoshi and Wenxuan Li},
  title = {ggfortify: Unified Interface to Visualize Statistical Result of Popular R Packages},
  journal = {The R Journal},
  year = {2016},
  number = {2},
  volume = {8},
  pages = {474--485},
  url = {https://doi.org/10.32614/RJ-2016-060},
  doi = {10.32614/RJ-2016-060},
}

@Manual{ggfortify2018,
  author = {Masaaki Horikoshi and Yuan Tang},
  title = {ggfortify: Data Visualization Tools for Statistical Analysis Results},
  year = {2018},
  url = {https://CRAN.R-project.org/package=ggfortify},
}

@Book{ggplot22016,
  author = {Hadley Wickham},
  title = {ggplot2: Elegant Graphics for Data Analysis},
  publisher = {Springer-Verlag New York},
  year = {2016},
  isbn = {978-3-319-24277-4},
  url = {https://ggplot2.tidyverse.org},
}

@Book{knitr2015,
  title = {Dynamic Documents with {R} and knitr},
  author = {Yihui Xie},
  publisher = {Chapman and Hall/CRC},
  address = {Boca Raton, Florida},
  year = {2015},
  edition = {2nd},
  note = {ISBN 978-1498716963},
  url = {https://yihui.org/knitr/},
}

@InCollection{knitr2014,
  booktitle = {Implementing Reproducible Computational Research},
  editor = {Victoria Stodden and Friedrich Leisch and Roger D. Peng},
  title = {knitr: A Comprehensive Tool for Reproducible Research in {R}},
  author = {Yihui Xie},
  publisher = {Chapman and Hall/CRC},
  year = {2014},
  note = {ISBN 978-1466561595},
}

@Book{lattice2008,
  title = {Lattice: Multivariate Data Visualization with R},
  author = {Deepayan Sarkar},
  year = {2008},
  publisher = {Springer},
  address = {New York},
  isbn = {978-0-387-75968-5},
  url = {http://lmdvr.r-forge.r-project.org},
}

@Book{MASS2002,
  title = {Modern Applied Statistics with S},
  author = {W. N. Venables and B. D. Ripley},
  publisher = {Springer},
  edition = {Fourth},
  address = {New York},
  year = {2002},
  note = {ISBN 0-387-95457-0},
  url = {https://www.stats.ox.ac.uk/pub/MASS4/},
}

@Article{mixOmics2017,
  author = {Rohart F and Gautier B and Singh A and Le Cao K-A},
  title = {mixOmics: An R package for 'omics feature selection and multiple data integration},
  journal = {PLoS computational biology},
  volume = {13},
  number = {11},
  pages = {e1005752},
  year = {2017},
  publisher = {Public Library of Science},
  url = {http://www.mixOmics.org},
}

@Article{MSnbase2012,
  title = {MSnbase - an R/Bioconductor package for isobaric tagged mass spectrometry data visualization, processing and quantitation},
  author = {Laurent Gatto and Kathryn Lilley},
  journal = {Bioinformatics},
  year = {2012},
  volume = {28},
  pages = {288-289},
}

@Article{MSnbase2020,
  title = {MSnbase, efficient and elegant R-based processing and visualisation of raw mass spectrometry data},
  author = {Laurent Gatto and Sebastian Gibb and Johannes Rainer},
  journal = {bioRxiv},
  year = {2020},
}

@Article{mzR2012,
  author = {{Chambers} and Matthew C. and {Maclean} and {Brendan} and {Burke} and {Robert} and {Amodei} and {Dario} and {Ruderman} and Daniel L. and {Neumann} and {Steffen} and {Gatto} and {Laurent} and {Fischer} and {Bernd} and {Pratt} and {Brian} and {Egertson} and {Jarrett} and {Hoff} and {Katherine} and {Kessner} and {Darren} and {Tasman} and {Natalie} and {Shulman} and {Nicholas} and {Frewen} and {Barbara} and {Baker} and Tahmina A. and {Brusniak} and {Mi-Youn} and {Paulse} and {Christopher} and {Creasy} and {David} and {Flashner} and {Lisa} and {Kani} and {Kian} and {Moulding} and {Chris} and {Seymour} and Sean L. and {Nuwaysir} and Lydia M. and {Lefebvre} and {Brent} and {Kuhlmann} and {Frank} and {Roark} and {Joe} and {Rainer} and {Paape} and {Detlev} and {Suckau} and {Hemenway} and {Tina} and {Huhmer} and {Andreas} and {Langridge} and {James} and {Connolly} and {Brian} and {Chadick} and {Trey} and {Holly} and {Krisztina} and {Eckels} and {Josh} and {Deutsch} and Eric W. and {Moritz} and Robert L. and {Katz} and Jonathan E. and {Agus} and David B. and {MacCoss} and {Michael} and {Tabb} and David L. and {Mallick} and {Parag}},
  year = {2012},
  journal = {Nat Biotech},
  title = {{A cross-platform toolkit for mass spectrometry and proteomics}},
  doi = {10.1038/nbt.2377},
  pmid = {23051804},
  month = {oct},
  number = {10},
  volume = {30},
  pages = {918--920},
  url = {http://dx.doi.org/10.1038/nbt.2377},
}

@Article{mzR2010,
  author = {Lennart Martens and Matthew Chambers and Marc Sturm and Darren Kessner and Fredrik Levander and Jim Shofstahl and Wilfred H Tang and Andreas Rompp and Steffen Neumann and Angel D Pizarro and Luisa Montecchi-Palazzi and Natalie Tasman and Mike Coleman and Florian Reisinger and Puneet Souda and Henning Hermjakob and Pierre-Alain Binz and Eric W Deutsch},
  title = {mz{ML} - a {C}ommunity {S}tandard for {M}ass {S}pectrometry {D}ata.},
  journal = {{Mol Cell Proteomics}},
  year = {2010},
  pmid = {20716697},
  doi = {10.1074/mcp.R110.000133},
}

@Article{mzR2004,
  author = {Patrick G A Pedrioli and Jimmy K Eng and Robert Hubley and Mathijs Vogelzang and Eric W Deutsch and Brian Raught and Brian Pratt and Erik Nilsson and Ruth H Angeletti and Rolf Apweiler and Kei Cheung and Catherine E Costello and Henning Hermjakob and Sequin Huang and Randall K Julian and Eugene Kapp and Mark E McComb and Stephen G Oliver and Gilbert Omenn and Norman W Paton and Richard Simpson and Richard Smith and Chris F Taylor and Weimin Zhu and Ruedi Aebersold},
  title = {{A} common open representation of mass spectrometry data and its
	application to proteomics research.},
  journal = {Nat Biotechnol},
  year = {2004},
  volume = {22},
  number = {11},
  pages = {{1459--1466}},
  pmid = {15529173},
  doi = {10.1038/nbt1031},
}

@Article{mzR2005,
  author = {Andrew Keller and Jimmy Eng and Ning Zhang and Xiao-jun Li and Ruedi Aebersold},
  title = {{A} uniform proteomics {MS}/{MS} analysis platform utilizing open {XML} file formats.},
  journal = {Mol Syst Biol},
  year = {2005},
}

@Article{mzR2008,
  author = {Darren Kessner and Matt Chambers and Robert Burke and David Agus and Parag Mallick},
  title = {{P}roteo{W}izard: open source software for rapid proteomics tools
	development.},
  journal = {Bioinformatics},
  year = {2008},
  volume = {24},
  number = {21},
  pages = {2534--2536},
  doi = {10.1093/bioinformatics/btn323},
  pmid = {18606607},
}

@Article{Rcpp2011,
  title = {{Rcpp}: Seamless {R} and {C++} Integration},
  author = {Dirk Eddelbuettel and Romain Fran\c{c}ois},
  journal = {Journal of Statistical Software},
  year = {2011},
  volume = {40},
  number = {8},
  pages = {1--18},
  doi = {10.18637/jss.v040.i08},
}

@Book{Rcpp2013,
  title = {Seamless {R} and {C++} Integration with {Rcpp}},
  author = {Dirk Eddelbuettel},
  publisher = {Springer},
  address = {New York},
  year = {2013},
  note = {ISBN 978-1-4614-6867-7},
  doi = {10.1007/978-1-4614-6868-4},
}

@Article{Rcpp2018,
  title = {{Extending {R} with {C++}: A Brief Introduction to {Rcpp}}},
  author = {Dirk Eddelbuettel and James Joseph Balamuta},
  journal = {The American Statistician},
  year = {2018},
  volume = {72},
  number = {1},
  pages = {28-36},
  doi = {10.1080/00031305.2017.1375990},
}

@Book{rmarkdown2018,
  title = {R Markdown: The Definitive Guide},
  author = {Yihui Xie and J.J. Allaire and Garrett Grolemund},
  publisher = {Chapman and Hall/CRC},
  address = {Boca Raton, Florida},
  year = {2018},
  isbn = {9781138359338},
  url = {https://bookdown.org/yihui/rmarkdown},
}

@Book{rmarkdown2020,
  title = {R Markdown Cookbook},
  author = {Yihui Xie and Christophe Dervieux and Emily Riederer},
  publisher = {Chapman and Hall/CRC},
  address = {Boca Raton, Florida},
  year = {2020},
  isbn = {9780367563837},
  url = {https://bookdown.org/yihui/rmarkdown-cookbook},
}

@Article{xcms2006,
  author = {{Smith} and {C.A.} and {Want} and {E.J.} and {O'Maille} and {G.} and {Abagyan,R.} and {Siuzdak} and {G.}},
  title = {XCMS: Processing mass spectrometry data for metabolite profiling using nonlinear peak alignment, matching and identification},
  journal = {Analytical Chemistry},
  year = {2006},
  volume = {78},
  pages = {779--787},
}

@Article{xcms2008,
  author = {Ralf Tautenhahn and Christoph Boettcher and Steffen Neumann},
  title = {Highly sensitive feature detection for high resolution LC/MS},
  journal = {BMC Bioinformatics},
  year = {2008},
  volume = {9},
  pages = {504},
}

@Article{xcms2010,
  author = {H. Paul Benton and Elizabeth J. Want and Timothy M. D. Ebbels},
  title = {Correction of mass calibration gaps in liquid chromatography-mass spectrometry metabolomics data},
  journal = {BIOINFORMATICS},
  year = {2010},
  volume = {26},
  pages = {2488},
}

